@Article{Neuro2013,
  author = {Author1 LastName1 and Author2 LastName2 and Author3 LastName2},
  title = {{Article Title}},
  volume = {30},
  number = {30},
  pages = {10127--10134},
  year = {2013},
  doi = {10.3389/fnins.2013.12345},
  url = {http://www.frontiersin.org/Neuroscience/10.3389/fnins.2013.12345/abstract},
  journal = {Frontiers in Neuroscience},
}


@Article{Gene2012,
  author = {Name OtherAuthor and Name S. Coauthor},
  title = {{Article Title}},
  volume = {30},
  number = {49},
  pages = {16417--16418},
  year = {2012},
  doi = {10.3389/fgene.2012.54321},
  url = {http://www.frontiersin.org/Genetics/10.3389/fgene.2012.54321/abstract},
  journal = {Frontiers in Genetics},
}


@Article{Neurobot2013,
  author = {Name4 Author4 and Name5 Author5},
  title = {{Title of the Article}},
  volume = {7},
  number = {25},
  year = {2013},
  doi = {10.3389/fnbot.2013.56789},
  url = {http://www.frontiersin.org/Neurorobotics/10.3389/fnbot.2013.56789/abstract},
  journal = {Frontiers in Neurorobotics},
}


@article{6067254,
  title = {{Parkinsonism: onset, progression and mortality.}},
  date = {1967 May},
  source = {Neurology},
  authors = {Hoehn, MM and Yahr, MD},
  author = {Hoehn, MM and Yahr, MD},
  year = {},
  month = {},
  jounal = {Neurology},
  volume = {17},
  number = {},
  pages = {427-42},
  pubmed_id = {6067254},
}


@article{Black_2010,
  title = {{Quantification of Indirect Pathway Inhibition by the Adenosine A2a Antagonist SYN115 in Parkinson Disease}},
  volume = {30},
  issn = {1529-2401},
  url = {http://dx.doi.org/10.1523/JNEUROSCI.2590-10.2010},
  doi = {10.1523/jneurosci.2590-10.2010},
  number = {48},
  journal = {Journal of Neuroscience},
  publisher = {Society for Neuroscience},
  author = {Black, K. J. and Koller, J. M. and Campbell, M. C. and Gusnard, D. A. and Bandak, S. I.},
  year = {2010},
  month = {Dec},
  pages = {16284–16292},
}


@article{Wang_2003,
  title = {{Pediatric perfusion imaging using pulsed arterial spin labeling}},
  volume = {18},
  issn = {1522-2586},
  url = {http://dx.doi.org/10.1002/jmri.10372},
  doi = {10.1002/jmri.10372},
  number = {4},
  journal = {J. Magn. Reson. Imaging},
  publisher = {Wiley-Blackwell},
  author = {Wang, Jiongjiong and Licht, Daniel J. and Jahng, Geon-Ho and Liu, Chia-Shang and Rubin, Joan T. and Haselgrove, John and Zimmerman, Robert A. and Detre, John A.},
  year = {2003},
  month = {Oct},
  pages = {404–413},
}
